
@online{silicon,
	author		= "{Silicon Labs}",
	title		= {CP210x USB to UART Bridge VCP Drivers},
	year		= {2015},
	urldate		= {2015-02-04},
	url 		= {https://www.silabs.com/products/mcu/Pages/USBtoUARTBridgeVCPDrivers.aspx},
}

@online{gadgetBlog,
	author		= "{Igor}",
	title		= {Arduino Power Consumption Normal \& Sleep},
	year		= {2013},
	urldate		= {2015-02-04},
	url 		= {http://gadgetmakersblog.com/arduino-power-consumption/},
}

@online{rasp,
	author		= "{Raspberry Pi Foundation}",
	title		= {Power Supply},
	urldate		= {2015-02-04},
	url 		= {http://www.raspberrypi.org/documentation/hardware/raspberrypi/power/README.md},
}
%% SAMPLE REFERENCES %%

@online{name,
	author		= {},
	title		= {},
	year		= {},
	urldate		= {},
	url 		= {},
}

@online{google,
	author		= "{Google Inc.}",
	title		= {drive mode - Andoid Apps on Google Play},
	year		= {2014},
	urldate		= {2014-09-12},
	url			= {https://play.google.com/},
}

@Book{tsa,
	title		= {An Examination of Driver Distraction as Recorded in NHTSA Databases.},
	author		= {Ascone, D. and Lindsey, T. and Varghese, C.},
	location	= {DOT HS 811 216. Washington, DC},
	publisher	= {National Highway Traffic Safety Administration},
	year		= {2009},
}

@online{wetzel,
	author		= {Wetzel, Jennifer},
	title		= {Vanderbilt Trauma nurses initiate pledge against distracted driving},
	urldate		= {2014-09-13},
	year		= {2012},
	url			= {http://www.mc.vanderbilt.edu/news/releases.php?release=2422},
}
	