%% SAMPLE REFERENCES %%


@online{google,
	author		= "{Google Inc.}",
	title		= {drive mode - Andoid Apps on Google Play},
	year		= {2014},
	urldate		= {2014-09-12},
	url			= {https://play.google.com/store/search?q=drive\%20mode\&c=apps},
}
@Book{tsa,
	title		= {An Examination of Driver Distraction as Recorded in NHTSA Databases.},
	author		= {Ascone, D. and Lindsey, T. and Varghese, C.},
	location	= {DOT HS 811 216. Washington, DC},
	publisher	= {National Highway Traffic Safety Administration},
	year		= {2009},
}

@Book{thulin,
	author		= "Thulin, Hans and Gustafsson, Susanne",
	title		= {Mobile Phone Use while Driving},
	subtitle	= {Conclusions from four investigations},
	year		= {2004},
	publisher	= {Swedish National Road and Transport Research Institute},
	location	= {SE-581 95 Link√∂ping Sweden}
}

@online{dot,
	author		= "{Department of Transportation}",
	organization = {National Highway Traffic Safety Administration},
	title		= {Visual-Manual NHTSA Driver Distraction Guidelines for In-Vehicle Electronic Devices},
	year		= {2012},
	urldate		= {2014-09-13},
	url			= {http://www.nhtsa.gov/staticfiles/rulemaking/pdf/Distraction_NPFG-02162012.pdf}
}

@online{wetzel,
	author		= {Wetzel, Jennifer},
	title		= {Vanderbilt Trauma nurses initiate pledge against distracted driving},
	urldate		= {2014-09-13},
	year		= {2012},
	url			= {http://www.mc.vanderbilt.edu/news/releases.php?release=2422},
}
	